% Last Modified: 2025-03-16
%       author
%       year


@misc{goodfellow2014generativeadversarialnetworks,
      title={Generative Adversarial Networks},
      author={Ian J. Goodfellow and Jean Pouget-Abadie and Mehdi Mirza and Bing Xu and David Warde-Farley and Sherjil Ozair and Aaron Courville and Yoshua Bengio},
      year={2014},
      eprint={1406.2661},
      archivePrefix={arXiv},
      primaryClass={stat.ML},
      url={https://arxiv.org/abs/1406.2661},
}

@misc{reed2016generativeadversarialtextimage,
      title={Generative Adversarial Text to Image Synthesis},
      author={Scott Reed and Zeynep Akata and Xinchen Yan and Lajanugen Logeswaran and Bernt Schiele and Honglak Lee},
      year={2016},
      eprint={1605.05396},
      archivePrefix={arXiv},
      primaryClass={cs.NE},
      url={https://arxiv.org/abs/1605.05396},
}

@misc{isola2018imagetoimagetranslationconditionaladversarial,
      title={Image-to-Image Translation with Conditional Adversarial Networks},
      author={Phillip Isola and Jun-Yan Zhu and Tinghui Zhou and Alexei A. Efros},
      year={2018},
      eprint={1611.07004},
      archivePrefix={arXiv},
      primaryClass={cs.CV},
      url={https://arxiv.org/abs/1611.07004},
}

@misc{ledig2017photorealisticsingleimagesuperresolution,
      title={Photo-Realistic Single Image Super-Resolution Using a Generative Adversarial Network},
      author={Christian Ledig and Lucas Theis and Ferenc Huszar and Jose Caballero and Andrew Cunningham and Alejandro Acosta and Andrew Aitken and Alykhan Tejani and Johannes Totz and Zehan Wang and Wenzhe Shi},
      year={2017},
      eprint={1609.04802},
      archivePrefix={arXiv},
      primaryClass={cs.CV},
      url={https://arxiv.org/abs/1609.04802},
}

@misc{pathak2016contextencodersfeaturelearning,
      title={Context Encoders: Feature Learning by Inpainting},
      author={Deepak Pathak and Philipp Krahenbuhl and Jeff Donahue and Trevor Darrell and Alexei A. Efros},
      year={2016},
      eprint={1604.07379},
      archivePrefix={arXiv},
      primaryClass={cs.CV},
      url={https://arxiv.org/abs/1604.07379},
}

@misc{wang2023multimodalityguidedimagestyletransfer,
      title={Multimodality-guided Image Style Transfer using Cross-modal GAN Inversion},
      author={Hanyu Wang and Pengxiang Wu and Kevin Dela Rosa and Chen Wang and Abhinav Shrivastava},
      year={2023},
      eprint={2312.01671},
      archivePrefix={arXiv},
      primaryClass={cs.CV},
      url={https://arxiv.org/abs/2312.01671},
}

@article{shorten2019survey,
      author={Connor Shorten and Taghi M. Khoshgoftaar},
      title={A survey on Image Data Augmentation for Deep Learning},
      journal={Journal of Big Data},
      volume={6},
      number={1},
      pages={60},
      year={2019},
      month={July},
      doi={10.1186/s40537-019-0197-0},
      url={https://doi.org/10.1186/s40537-019-0197-0},
      issn={2196-1115}
}
