@inproceedings{inproceedings,
author = {Radford, Alec and Metz, Luke and Chintala, Soumith},
year = {2016},
month = {11},
pages = {},
title = {Unsupervised Representation Learning with Deep Convolutional Generative Adversarial Networks}
}